@article{crowcroft2016using,
  author    = {Jon Crowcroft and
               Liron Levin and
               Michael Segal},
  title     = {Using data mules for sensor network data recovery},
  journal   = {Ad Hoc Networks},
  volume    = {40},
  pages     = {26--36},
  year      = {2016}
}



@article{sugihara2011path,
  title={Path planning of data mules in sensor networks},
  author={Sugihara, Ryo and Gupta, Rajesh K},
  journal={ACM Transactions on Sensor Networks (TOSN)},
  volume={8},
  number={1},
  pages={1},
  year={2011},
  publisher={ACM}
}

@article{shah2003data,
  title={Data mules: Modeling and analysis of a three-tier architecture for sparse sensor networks},
  author={Shah, Rahul C and Roy, Sumit and Jain, Sushant and Brunette, Waylon},
  journal={Ad Hoc Networks},
  volume={1},
  number={2},
  pages={215--233},
  year={2003},
  publisher={Elsevier}
}

@inproceedings{amir2003factored,
  title={Factored planning},
  author={Amir, Eyal and Engelhardt, Barbara},
  booktitle={IJCAI},
  volume={3},
  pages={929--935},
  year={2003}
}

@article{melo2011decentralized,
  title={Decentralized MDPs with sparse interactions},
  author={Melo, Francisco S and Veloso, Manuela},
  journal={Artificial Intelligence},
  volume={175},
  number={11},
  pages={1757--1789},
  year={2011},
  publisher={Elsevier}
}

@inproceedings{kadioglu2010isac,
  title={ISAC-Instance-Specific Algorithm Configuration.},
  author={Kadioglu, Serdar and Malitsky, Yuri and Sellmann, Meinolf and Tierney, Kevin},
  booktitle={ECAI},
  volume={215},
  pages={751--756},
  year={2010}
}

%  journal={Artificial Intelligence},
@article{wagner2015subdimensional,
  title={Subdimensional expansion for multirobot path planning},
  author={Wagner, Glenn and Choset, Howie},
  journal={Artificial Intelligence (AIJ)},
  volume={219},
  pages={1--24},
  year={2015},
  publisher={Elsevier}
}

@article{katz2010optimal,
  title={Optimal admissible composition of abstraction heuristics},
  author={Katz, Michael and Domshlak, Carmel},
  journal={Artificial Intelligence},
  volume={174},
  number={12},
  pages={767--798},
  year={2010}
}


@inproceedings{ephrati1993multi,
  title={Multi-Agent Planning as a Dynamic Search for Social Consensus},
  author={Ephrati, Eithan and Rosenschein, Jeffrey S},
booktitle = {International Joint Conference on Artificial Intelligence ({IJCAI})},
  year={1993}
}

@article{agmon2008giving,
  title={The giving tree: constructing trees for efficient offline and online multi-robot coverage},
  author={Agmon, Noa and Hazon, Noam and Kaminka, Gal A},
  journal={Annals of Mathematics and Artificial Intelligence},
  volume={52},
  number={2-4},
  pages={143--168},
  year={2008},
  publisher={Springer Netherlands}
}





@inproceedings{DBLP:conf/icra/Ryan10,
  author    = {Malcolm Ryan},
  title     = {Constraint-based multi-robot path planning},
  booktitle = {ICRA},
  year      = {2010},
  pages     = {922-928}
}


@article{DBLP:journals/aim/KitanoT01,
  author    = {Hiroaki Kitano and
               Satoshi Tadokoro},
  title     = {RoboCup Rescue: A Grand Challenge for Multiagent and Intelligent
               Systems},
  journal   = {AI Magazine},
  volume    = {22},
  number    = {1},
  year      = {2001},
  pages     = {39-52},
  bibsource = {DBLP, http://dblp.uni-trier.de}
}
@inproceedings{erdem2013general,
  title={A general formal framework for pathfinding problems with multiple agents},
  author={Erdem, Esra and Kisa, Doga G. and Oztok, Umut and Schueller, Peter},
  booktitle={AAAI},
  year={2013}
}
@inproceedings{surynek2012towards,
  title={Towards optimal cooperative path planning in hard setups through satisfiability solving},
  author={Surynek, Pavel},
  booktitle={The Pacific Rim International Conference on Artificial Intelligence (PRICAI)},
  pages={564--576},
  year={2012},
}
@incollection{Griffith05a,
author  =       "E. Griffith and S. Akella",
title   =       "Coordinating Multiple Droplets in Planar Array Digital Microfluidics Systems",
booktitle =     "Algorithmic Foundations of Robotics {VI}",
editor  =       "M. Erdmann and D. Hsu and M. Overmars and A. F. van der Stappen",
pages   =       "219--234",
publisher =     "Springer-Verlag",
address =   "Berlin",
year    =       2005}

@article{DBLP:journals/trob/PallottinoSBF07,
  author    = {Lucia Pallottino and
               Vincenzo Giovanni Scordio and
               Antonio Bicchi and
               Emilio Frazzoli},
  title     = {Decentralized Cooperative Policy for Conflict Resolution
               in Multivehicle Systems},
  journal   = {IEEE Transactions on Robotics},
  volume    = {23},
  number    = {6},
  year      = {2007},
  pages     = {1170-1183}
}
@inproceedings{DBLP:conf/aaai/Surynek10,
  author    = {Pavel Surynek},
  title     = {An Optimization Variant of Multi-Robot Path Planning Is
               Intractable},
  booktitle = {AAAI},
  year      = {2010},
  ee        = {http://www.aaai.org/ocs/index.php/AAAI/AAAI10/paper/view/1768},
  bibsource = {DBLP, http://dblp.uni-trier.de}
}
@inproceedings{DBLP:conf/aaai/YuL13,
  author    = {Jingjin Yu and
               Steven M. LaValle},
  title     = {Structure and Intractability of Optimal Multi-Robot Path
               Planning on Graphs},
  booktitle = {AAAI},
  year      = {2013},
}
@ARTICLE{Tomlin98conflictresolution,
    author = {Claire Tomlin and George J. Pappas and Shankar Sastry},
    title = {Conflict Resolution for Air Traffic Management: a Study in Multi-Agent Hybrid Systems},
    journal = {IEEE Transactions on Automatic Control},
    year = {1998},
    volume = {43},
    pages = {509--521}
}
@inproceedings{silverbook,
author = {David Silver},
title = {Cooperative Pathfinding},
booktitle = {AI Game Programming Wisdom 3},
year = {2006},
}
@inproceedings{CohenUK15,
  author    = {L. Cohen and
               T. Uras and
               S. Koenig},
  title     = {Feasibility Study: Using Highways for Bounded-Suboptimal MAPF},
  booktitle =  {SOCS},
  pages     = {2--8},
  year      = {2015}
}

@MISC{Rock00randomizedkinodynamic,
    author = {Kindel Rock and Robert Kindel and Jean-Claude Latombe and Stephen Rock and David Hsu and Robert Jean-claude and Latombe Stephen},
    title = {Randomized Kinodynamic Motion Planning with Moving Obstacles},
    year = {2000}
}
@article{DBLP:journals/ras/BennewitzBT02,
  author    = {Maren Bennewitz and
               Wolfram Burgard and
               Sebastian Thrun},
  title     = {Finding and optimizing solvable priority schemes for decoupled
               path planning techniques for teams of mobile robots},
  journal   = {Robotics and Autonomous Systems},
  volume    = {41},
  number    = {2-3},
  year      = {2002},
  pages     = {89-99}
}
@Article{dresner2008aMultiagent,
    author="Kurt Dresner and Peter Stone",
    title="A Multiagent Approach to Autonomous Intersection Management",
    journal = {Journal of Artificial Intelligence Research},
    month = {March},
    year = {2008},
    volume = {31},
    pages = {591--656}
}




@article{butzke2012university,
  title={The University of Pennsylvania MAGIC 2010 multi-robot unmanned vehicle system},
  author={Butzke, Jonathan and Daniilidis, Kostas and Kushleyev, Aleksandr and Lee, Daniel D and Likhachev, Maxim and Phillips, Cody and Phillips, Mike},
  journal={Journal of Field Robotics},
  volume={29},
  number={5},
  pages={745--761},
  year={2012},
  publisher={Wiley Online Library}
}

@inproceedings{cohen2014planning,
  author    = {Benjamin J. Cohen and
               Mike Phillips and
               Maxim Likhachev},
  title     = {Planning Single-arm Manipulations with n-Arm Robots},
  booktitle = {Robotics: Science and Systems (RSS)},
  year      = {2014}
}

@article{cohen2014singleAndDual,
  author    = {Benjamin J. Cohen and
               Sachin Chitta and
               Maxim Likhachev},
  title     = {Single- and dual-arm motion planning with heuristic search},
  journal   = {I. J. Robotic Res.},
  volume    = {33},
  number    = {2},
  pages     = {305--320},
  year      = {2014}
}



@inproceedings{aine2015learning,
  author    = {Sandip Aine and
               Charupriya Sharma and
               Maxim Likhachev},
  title     = {Learning to Search More Efficiently from Experience: {A} Multi-Heuristic
               Approach},
  booktitle={the Annual Symposium on Combinatorial Search {(SoCS)}},  
	pages     = {141--145},
  year      = {2015}
}

@inproceedings{islam2015dynamic,
  author    = {Fahad Islam and
               Venkatraman Narayanan and
               Maxim Likhachev},
  title     = {Dynamic Multi-Heuristic A*},
  booktitle = {{IEEE} International Conference on Robotics and Automation ({ICRA})},
  pages     = {2376--2382},
  year      = {2015}
}

@inproceedings{phillips2015speeding,
  author    = {Mike Phillips and
               Maxim Likhachev},
  title     = {Speeding up heuristic computation in planning with Experience Graphs},
  booktitle = {{IEEE} International Conference on Robotics and Automation ({ICRA})},
  pages     = {893--899},
  year      = {2015}
}


@inproceedings{thakur2013planning,
  title={Planning for opportunistic surveillance with multiple robots},
  author={Thakur, Devbratta and Likhachev, Maxim and Keller, James and Kumar, Vipin and Dobrokhodov, Vladimir and Jones, Ken and Wurz, Jeff and Kaminer, Ido},
  booktitle={IEEE/RSJ International Conference on Intelligent Robots and Systems (IROS)},
  pages={5750--5757},
  year={2013},
  organization={IEEE}
}

@inproceedings{swaminathan2015planning,
  title={Planning for multi-agent teams with leader switching},
  author={Swaminathan, Siddharth and Phillips, Mike and Likhachev, Maxim},
  booktitle={IEEE International Conference on Robotics and Automation (ICRA)},
  pages={5403--5410},
  year={2015},
  organization={IEEE}
}



@article{likhachev2009planning,
  title={Planning long dynamically feasible maneuvers for autonomous vehicles},
  author={Likhachev, Maxim and Ferguson, Dave},
  journal={The International Journal of Robotics Research},
  volume={28},
  number={8},
  pages={933--945},
  year={2009},
  publisher={SAGE Publications}
}

@inproceedings{phillips2012graphs,
  title={E-Graphs: Bootstrapping Planning with Experience Graphs},
  author={Phillips, Mike and Cohen, Benjamin J and Chitta, Sachin and Likhachev, Maxim},
  booktitle={Robotics: Science and Systems},
  year={2012}
}

@inproceedings{cohen2011planning,
  title={Planning for manipulation with adaptive motion primitives},
  author={Cohen, Benjamin J and Subramanian, Ganesh and Chitta, Sachin and Likhachev, Maxim},
  booktitle={IEEE International Conference on Robotics and Automation (ICRA)},
  pages={5478--5485},
  year={2011},
  organization={IEEE}
}

@article{helmert2014merge,
  author    = {Malte Helmert and
               Patrik Haslum and
               J{\"{o}}rg Hoffmann and
               Raz Nissim},
  title     = {Merge-and-Shrink Abstraction: {A} Method for Generating Lower Bounds
               in Factored State Spaces},
  journal   = {J. {ACM}},
  volume    = {61},
  number    = {3},
  year      = {2014}
}

@article{domshlak2015red,
  title={Red--black planning: A new systematic approach to partial delete relaxation},
  author={Domshlak, Carmel and Hoffmann, J{\"o}rg and Katz, Michael},
  journal={Artificial Intelligence},
  volume={221},
  pages={73--114},
  year={2015},
  publisher={Elsevier}
}

@article{hoffmann2005ignoring,
  title={Where 'Ignoring Delete Lists' Works: Local Search Topology in Planning Benchmarks},
  author={Hoffmann, J{\"o}rg},
  journal={Journal of Artificial Intelligence Research},
  pages={685--758},
  year={2005}
}

@inproceedings{boyarski2015don,
  title={Don't Split, Try To Work It Out: Bypassing Conflicts in Multi-Agent Pathfinding},
  author={Boyarski, Eli and Felner, Ariel and Sharon, Guni and Stern, Roni},
  booktitle={International Conference on Automated Planning and Scheduling ({ICAPS})},
  year={2015}
}



@inproceedings{boyarski2015icbs,
  author    = {Eli Boyarski and
               Ariel Felner and
               Roni Stern and
               Guni Sharon and
               David Tolpin and
               Oded Betzalel and
               Solomon Eyal Shimony},
  title     = {{ICBS:} Improved Conflict-Based Search Algorithm for Multi-Agent Pathfinding},
  booktitle = {International Joint Conference on Artificial Intelligence ({IJCAI})},
  pages     = {740--746},
  year      = {2015}
}


@inproceedings{torreno2015global,
  title={Global Heuristics for Distributed Cooperative Multi-Agent Planning},
  author={Torre{\~n}o, Alejandro and Sapena, Oscar and Onaindia, Eva},
  booktitle={the International Conference on Automated Planning and Scheduling (ICAPS)},
  year={2015}
}

@book{martial1992coordinating,
 author = {Martial, F. Von},
 title = {Coordinating Plans of Autonomous Agents},
 year = {1992},
 publisher = {Springer-Verlag New York, Inc.}
} 

@article{maliah2015privacy,
  title={Privacy Preserving Pattern Databases},
  author={Maliah, Shlomi and Shani, Guy and Stern, Roni},
  journal={Distributed and Multi-Agent Planning (DMAP)},
  pages={9},
  year={2015}
}

@article{sharon2015conflict-based,
  author    = {Guni Sharon and
               Roni Stern and
               Ariel Felner and
               Nathan R. Sturtevant},
  title     = {Conflict-based search for optimal multi-agent pathfinding},
  journal   = {Artif. Intell.},
  volume    = {219},
  pages     = {40--66},
  year      = {2015}
}



@article{georgeff1988communication,
  title={Communication and interaction in multi-agent planning},
  author={Georgeff, Michael},
  journal={Readings in distributed artificial intelligence},
  volume={313},
  pages={125--129},
  year={1988},
  publisher={no. SRI AI}
}


@inproceedings{varakantham2009exploiting,
  title={Exploiting Coordination Locales in Distributed POMDPs via Social Model Shaping},
  author={Varakantham, Pradeep and Kwak, Jun-young and Taylor, Matthew E and Marecki, Janusz and Scerri, Paul and Tambe, Milind},
  booktitle={ICAPS},
  year={2009}
}


@inproceedings{de2005multi,
  title={Multi-agent planning: An introduction to planning and coordination},
  author={De Weerdt, Mathijs and Ter Mors, Adriaan and Witteveen, Cees},
  booktitle={In: Handouts of the European Agent Summer},
  year={2005}
}
@article{kambhampati1997refinement,
  title={Refinement planning as a unifying framework for plan synthesis},
  author={Kambhampati, Subbarao},
  journal={AI magazine},
  volume={18},
  number={2},
  pages={67},
  year={1997}
}



@inproceedings{steenhuisen2007coordination,
  author    = {J. Renze Steenhuisen and
               Cees Witteveen},
  title     = {Coordinating Planning Agents for Moderately and Tightly-Coupled Tasks},
  booktitle = {International Conference on Foundations of Computer Science ({FCS})},
  pages     = {3--9},
  year      = {2007}
}



@article{snape2011hybrid,
  title={The hybrid reciprocal velocity obstacle},
  author={Snape, Jamie and van den Berg, Jur and Guy, Stephen J and Manocha, Dinesh},
  journal={IEEE Transactions on Robotics},
  volume={27},
  number={4},
  pages={696--706},
  year={2011}
}

@inproceedings{roger2012non,
  title={Non-Optimal Multi-Agent Pathfinding is Solved (Since 1984).},
  author={R{\"o}ger, Gabriele and Helmert, Malte},
  booktitle={the Annual Symposium on Combinatorial Search {(SoCS)}},
  year={2012}
}


@inproceedings{yu2013planning,
  title={Planning Optimal Paths for Multiple Robots on Graphs},
  author={Yu, Jingjin and LaValle, Steven M},
  booktitle={IEEE International Conference on Robotics and Automation (ICRA)},
  year={2013}
}

@inproceedings{yu2013structure,
  title={Structure and Intractability of Optimal Multi-robot Path Planning on Graphs},
  author={Yu, Jingjin and LaValle, Steven M},
  booktitle={Conference on Artificial Intelligence {AAAI}},
  pages={1444--1449},
  year={2013}
}


@article{grant2005formalApproaches,
title = "Formal Approaches to Teamwork",
journal = "We Will Show Them: Essays in Honour of Dov Gabbay",
volume = "1",
pages = "39--68",
year = "2005",
author = "J. Grant, S. Kraus and D. Perlis",
}

%MAPF algorithms: silver2005cooperative,standley2010finding,ferner2013odrm,sharon2013increasing,de2013push,luna2011push,wang2009tractable

%sharon2012meta,sharon2012cbs,sharon2013increasing,maliah2014privacyPreserving,barer2014suboptimal-socs

%stern2014potential,stern2011probably,stern2012search,thayer2012faster

%lelis2014estimating,thayer2012we,lelis2012predicting,lelis2011predicting

%amir2013collaborative,amir2014share

% hunsberger2000combinatorial,kamar2013modeling, grosz1996collaborative,grosz1999evolution,grosz1999planning,sander2002scalable
% gal2010agent

@article{Berg1999models,
title = "Models for warehouse management: Classification and examples ",
journal = "International Journal of Production Economics ",
volume = "59",
number = "1–3",
pages = "519--528",
year = "1999",
author = "J.P.van den Berg and W.H.M. Zijm",
}



@article{martinez2010autonomous,
title = "Autonomous navigation of an automated guided vehicle in industrial environments ",
journal = "Robotics and Computer-Integrated Manufacturing",
volume = "26",
number = "4",
pages = "296--311",
year = "2010",
author = "H. Martínez-Barberá and D. Herrero-Pérez"
}

@article{vivaldini2011intelligent,
  title={Intelligent Warehouses: focus on the automatic routing and path planning of robotic forklifts able to work autonomously},
  author={Vivaldini, Kelen CT and Galdames, Jorge PM and Pasqual, Thales B and Becker, Marcelo and Caurin, Glauco AP},
  journal={Intelligent Transportation Vehicles},
  year={2011}
}


% MUTEX: smith1999temporal,bonet2000planning,chen2009long,
@article{chen2009long,
  title={Long-distance mutual exclusion for planning},
  author={Chen, Yixin and Huang, Ruoyun and Xing, Zhao and Zhang, Weixiong},
  journal   = {Artif. Intell.},
  volume={173},
  number={2},
  pages={365--391},
  year={2009},
  publisher={Elsevier}
}

@incollection{bonet2000planning,
  title={Planning as heuristic search: New results},
  author={Bonet, Blai and Geffner, Hector},
  booktitle={Recent Advances in {AI} Planning},
  pages={360--372},
  year={2000},
  publisher={Springer}
}

@inproceedings{smith1999temporal,
  title={Temporal planning with mutual exclusion reasoning},
  author={Smith, David E and Weld, Daniel S},
  booktitle={the international joint conference on Artificial Intelligence ({IJCAI})},
  volume={99},
  pages={326--337},
  year={1999}
}

@inproceedings{thayer2012faster,
  title={Faster Bounded-Cost Search Using Inadmissible Estimates.},
  author={Thayer, Jordan Tyler and Stern, Roni and Felner, Ariel and Ruml, Wheeler},
  booktitle={the International Conference on Automated Planning and Scheduling ({ICAPS})},
  year={2012}
}


@inproceedings{stern2013augie,
  title={Augie: the Dialogue Augmenting Agent},
  author={Roni Stern and Ofra Amir and Barbara Grosz and Shira Fischer and Lee Sander},
  booktitle={Workshop on Human-Agent Interaction Design and Models ({HAIDM})},
  year={2013}
}


@article{amir2014share,
  title={To Share or Not to Share? The Single Agent in a Team Decision Problem},
  author={Amir, Ofra and Grosz, Barbara J and Stern, Roni},
  journal={Models and Paradigms for Planning under Uncertainty: a Broad Perspective},
  pages={19},
  year={2014}
}


@article{amir2014ai,
  title={AI Support of Teamwork for Coordinated Care of Children with Complex Conditions},
  author={Amir, Ofra and Grosz, Barbara J and Gajos, Krzysztof Z and Swenson, Sonja M and Sanders, Lee M},
  journal={AAAI Fall Symposium on Expanding the Boundaries of Health Informatics Using AI: Making Personalized and Participatory Medicine A Reality.},
  year={2014}
}


@inproceedings{grosz1982dialogic,
  title={{DIALOGIC: A core natural-language processing system}},
  author={Grosz, Barbara and Haas, Norman and Hendrix, Gary and Hobbs, Jerry and Martin, Paul and Moore, Robert and Robinson, Jane and Rosenschein, Stanley},
  booktitle={the conference on Computational linguistics},
  pages={95--100},
  year={1982},
  organization={Academia Praha}
}

@inproceedings{babaian2002writer,
  title={A writer's collaborative assistant},
  author={Babaian, Tamara and Grosz, Barbara J and Shieber, Stuart M},
  booktitle={the international conference on Intelligent user interfaces ({IUI})},
  pages={7--14},
  year={2002},
  organization={ACM}
}

@inproceedings{kamar2009incorporating,
  title={Incorporating helpful behavior into collaborative planning},
  author={Kamar, Ece and Gal, Ya'akov and Grosz, Barbara J},
  booktitle={the International Conference on Autonomous Agents and Multiagent Systems ({AAMAS})},
  pages={875--882},
  year={2009}
}

@article{gal2010agent,
  title={Agent decision-making in open mixed networks},
  author={Gal, Ya'akov and Grosz, Barbara and Kraus, Sarit and Pfeffer, Avi and Shieber, Stuart},
  journal   = {Artif. Intell.},
  volume={174},
  number={18},
  pages={1460--1480},
  year={2010},
  publisher={Elsevier}
}

@inproceedings{sander2002scalable,
  title={A scalable, distributed algorithm for efficient task allocation},
  author={Sander, Pedro V and Peleshchuk, Denis and Grosz, Barbara J},
  booktitle={the International Conference on Autonomous Agents and Multiagent Systems ({AAMAS})},
  pages={1191--1198},
  year={2002},
  organization={ACM}
}

@article{grosz1999planning,
  title={Planning and acting together},
  author={Grosz, Barbara J and Hunsberger, Luke and Kraus, Sarit},
  journal={AI magazine},
  volume={20},
  number={4},
  pages={23},
  year={1999}
}

@incollection{grosz1999evolution,
  title={The evolution of SharedPlans},
  author={Grosz, Barbara J and Kraus, Sarit},
  booktitle={Foundations of rational agency},
  pages={227--262},
  year={1999},
  publisher={Springer}
}

@article{sharon2013increasing,
  title={The increasing cost tree search for optimal multi-agent pathfinding},
  author={Sharon, Guni and Stern, Roni and Goldenberg, Meir and Felner, Ariel},
  journal   = {Artif. Intell.},
  volume={195},
  pages={470--495},
  year={2013},
  publisher={Elsevier}
}


@inproceedings{hunsberger2000combinatorial,
  title={A combinatorial auction for collaborative planning},
  author={Hunsberger, Luke and Grosz, Barbara J},
  booktitle={International Conference on MultiAgent Systems},
  pages={151--158},
  year={2000},
  organization={IEEE}
}

@inproceedings{roth2007exploiting,
  title={Exploiting factored representations for decentralized execution in multiagent teams},
  author={Roth, Maayan and Simmons, Reid and Veloso, Manuela},
  booktitle={the International Conference on Autonomous Agents and Multiagent Systems ({AAMAS})},
  pages={72},
  year={2007},
  organization={ACM}
}


@article{hart1968formal,
  title={A formal basis for the heuristic determination of minimum cost paths},
  author={Hart, Peter E and Nilsson, Nils J and Raphael, Bertram},
  journal={Systems Science and Cybernetics, IEEE Transactions on},
  volume={4},
  number={2},
  pages={100--107},
  year={1968},
  publisher={IEEE}
}


@article{cox2009efficient,
  title={Efficient and distributable methods for solving the multiagent plan coordination problem},
  author={Cox, Jeffrey and Durfee, Edmund},
  journal={Multiagent and Grid Systems},
  volume={5},
  number={4},
  pages={373--408},
  year={2009},
  publisher={IOS Press}
}

@inproceedings{cox2005aDistributed,
 author = {Cox, Jeffrey S. and Durfee, Edmund H. and Bartold, Thomas},
 title = {A Distributed Framework for Solving the Multiagent Plan Coordination Problem},
  booktitle={the International Conference on Autonomous Agents and Multiagent Systems ({AAMAS})},
 year = {2005},
 pages = {821--827}
} 

@inproceedings{cox2005efficient,
  title={An efficient algorithm for multiagent plan coordination},
  author={Cox, Jeffrey S and Durfee, Edmund H},
  booktitle={the International Conference on Autonomous Agents and Multiagent Systems ({AAMAS})},
  pages={828--835},
  year={2005}
}

@article{nissim2014distributed,
  title={Distributed Heuristic Forward Search for Multi-agent Planning},
  author={Nissim, Raz and Brafman, Ronen},
  journal={Journal of Artificial Intelligence Research ({JAIR})},
  volume={51},
  pages={293--332},
  year={2014}
}

@article{stern2014potential,
  author    = {Roni Stern and
               Ariel Felner and
               Jur van den Berg and
               Rami Puzis and
               Rajat Shah and
               Ken Goldberg},
  title     = {Potential-based bounded-cost search and Anytime Non-Parametric {A}*},
  journal   = {Artif. Intell.},
  year      = {2014},
  volume    = {214},
  pages     = {1--25}
}

@article{blum1997fast,
  title={Fast planning through planning graph analysis},
  author={Blum, Avrim L and Furst, Merrick L},
  journal   = {Artif. Intell.},
  volume={90},
  number={1},
  pages={281--300},
  year={1997},
  publisher={Elsevier}
}

@inproceedings{amir2013collaborative,
  title={Collaborative health care plan support},
  author={Amir, Ofra and Grosz, Barbara J and Law, Edith and Stern, Roni},
  booktitle={the International Conference on Autonomous Agents and Multiagent Systems ({AAMAS})},
  pages={793--796},
  year={2013}
}


@inproceedings{lesser2014challenges,
  author    = {Victor R. Lesser and
               Daniel D. Corkill},
  title     = {Challenges for multi-agent coordination theory based on empirical
               observations},
  booktitle={the International Conference on Autonomous Agents and Multiagent Systems ({AAMAS})},
  year      = {2014},
  pages     = {1157--1160}
}

@article{koenig2004incremental,
  title={Incremental heuristic search in {AI}},
  author={Koenig, Sven and Likhachev, Maxim and Liu, Yaxin and Furcy, David},
  journal={AI Magazine},
  volume={25},
  number={2},
  pages={99},
  year={2004}
}

@article{koenig2005fast,
  title={Fast replanning for navigation in unknown terrain},
  author={Koenig, Sven and Likhachev, Maxim},
  journal={Robotics, IEEE Transactions on},
  volume={21},
  number={3},
  pages={354--363},
  year={2005}
}

@inproceedings{kwak2011teamwork,
  title={Teamwork in distributed POMDPs: Execution-time coordination under model uncertainty},
  author={Kwak, Jun-young and Yang, Rong and Yin, Zhengyu and Taylor, Matthew E and Tambe, Milind},
  booktitle={the International Conference on Autonomous Agents and Multiagent Systems ({AAMAS})},
  pages={1261--1262},
  year={2011}
}



@article{wu2011online,
  title={Online planning for multi-agent systems with bounded communication},
  author={Wu, Feng and Zilberstein, Shlomo and Chen, Xiaoping},
  journal   = {Artif. Intell.},
  volume={175},
  number={2},
  pages={487--511},
  year={2011}
}


@inproceedings{wu2013monte,
  title={Monte-Carlo expectation maximization for decentralized POMDPs},
  author={Wu, Feng and Zilberstein, Shlomo and Jennings, Nicholas R},
  booktitle={the international joint conference on Artificial Intelligence ({IJCAI})},
  pages={397--403},
  year={2013}
}


@inproceedings{amato2014planning,
  title={Planning with macro-actions in decentralized POMDPs},
  author={Amato, Christopher and Konidaris, George D and Kaelbling, Leslie P},
  booktitle={the International Conference on Autonomous Agents and Multiagent Systems ({AAMAS})},
  pages={1273--1280},
  year={2014}
}


@article{sutton1999between,
  title={{Between MDPs and semi-MDPs: A framework for temporal abstraction in reinforcement learning}},
  author={Sutton, Richard S and Precup, Doina and Singh, Satinder},
  journal   = {Artif. Intell.},
  volume={112},
  number={1},
  pages={181--211},
  year={1999},
  publisher={Elsevier}
}


@inproceedings{maliah2014privacyPreserving,
  author    = {Shlomi Maliah and
               Guy Shani and
               Roni Stern},
  title     = {Privacy Preserving Landmark Detection},
  booktitle = {the European Conference on Artificial Intelligence ({ECAI})},
  year      = {2014},
  pages     = {597--602}
}


@article{komenda2013domain,
  title={Domain-independent Multi-agent Plan Repair},
  author={Komenda, Antonin and Novak, Peter and Pechoucek, Michal},
  journal={Journal of Network and Computer Applications},
  volume={33},
  pages={18--25},
  year={2013}
}

@article{lelis2013predictingIDA,
  title={{Predicting the size of IDA* ʼs search tree}},
  author={Lelis, Levi HS and Zilles, Sandra and Holte, Robert C},
  journal   = {Artif. Intell.},
  volume={196},
  pages={53--76},
  year={2013},
  publisher={Elsevier}
}


@inproceedings{lelis2013predictingDFBnB,
  title={Predicting the size of depth-first branch and bound search trees},
  author={Lelis, Levi HS and Otten, Lars and Dechter, Rina},
  booktitle={the international joint conference on Artificial Intelligence (IJCAI)},
  pages={594--600},
  year={2013}
}

@article{torreno2014fmap,
  title={{FMAP}: Distributed cooperative multi-agent planning},
  author={Torre{\~n}o, Alejandro and Onaindia, Eva and Sapena, {\'O}scar},
  journal={Applied Intelligence},
  pages={1--21},
  year={2014},
  publisher={Springer}
}



@inproceedings{zhuo2011learning,
  title={Learning action models for multi-agent planning},
  author={Zhuo, Hankz Hankui and Mu{\~n}oz-Avila, Hector and Yang, Qiang},
  booktitle={the International Conference on Autonomous Agents and Multiagent Systems ({AAMAS})},
  pages={217--224},
  year={2011}
}

@inproceedings{crosby2014aSingle,
  author    = {Matthew Crosby and
               Anders Jonsson and
               Michael Rovatsos},
  title     = {A Single-Agent Approach to Multiagent Planning},
  booktitle = {the European Conference on Artificial Intelligence ({ECAI})},
  year      = {2014},
  pages     = {237--242}
}



@inproceedings{zhang2016formal,
	title={A Formal Analysis of Required Cooperation in Multi-agent Planning},
	author    = {Yu Zhang and 	Sarath Sreedharan and Subbarao Kambhampati},		
	booktitle={International Conference on Automated
	Planning and Scheduling, {ICAPS}},
	pages     = {335--344},
	year={2016}
}




@inproceedings{nissim2012tunneling,
  title={Tunneling and Decomposition-Based State Reduction for Optimal Planning.},
  author={Nissim, Raz and Apsel, Udi and Brafman, Ronen I},
  booktitle={ECAI},
  pages={624--629},
  year={2012}
}

@inproceedings{brafman2010transferable,
  title={Transferable Utility Planning Games.},
  author={Brafman, Ronen I and Domshlak, Carmel and Engel, Yagil and Tennenholtz, Moshe},
  booktitle={Conference on Artificial Intelligence ({AAAI})},
  year={2010}
}

@inproceedings{jonsson2011scaling,
  title={Scaling Up Multiagent Planning: A Best-Response Approach},
  author={Jonsson, Anders and Rovatsos, Michael},
  booktitle={the International Conference on Automated Planning and Scheduling ({ICAPS})},
  year={2011}
}


@inproceedings{stern2011probably,
  title={Probably approximately correct heuristic search},
  author={Stern, Roni and Felner, Ariel and Holte, Robert},
  booktitle={the Annual Symposium on Combinatorial Search {(SoCS)}},
  year={2011}
}
@inproceedings{stern2012search,
  title={Search-Aware Conditions for Probably Approximately Correct Heuristic Search.},
  author={Stern, Roni and Felner, Ariel and Holte, Robert C},
  booktitle={the Annual Symposium on Combinatorial Search {(SoCS)}},
  year={2012}
}

@inproceedings{jaklin2013way,
  title={Way to go-A framework for multi-level planning in games},
  author={Jaklin, Norman and Van Toll, Wouter and Geraerts, Roland},
  booktitle={Planning in Games Workshop},
  pages={11},
  year={2013}
}

@inproceedings{wang2009tractable,
  title={Tractable Multi-Agent Path Planning on Grid Maps},
  author={Wang, Ko-Hsin Cindy and Botea, Adi},
  booktitle={the international joint conference on Artificial Intelligence ({IJCAI})},
  pages={1870--1875},
  year={2009}
}


@article{botea2013pathfinding,
  title={Pathfinding in Games},
  author={Botea, Adi and Bouzy, Bruno and Buro, Michael and Bauckhage, Christian and Nau, Dana},
  journal={Dagstuhl Follow-Ups},
  volume={6},
  year={2013},
  publisher={Schloss Dagstuhl-Leibniz-Zentrum fuer Informatik}
}

@inproceedings{mott2006u,
  title={{U-director: a decision-theoretic narrative planning architecture for storytelling environments}},
  author={Mott, Bradford W and Lester, James C},
  booktitle={the International Conference on Autonomous Agents and Multiagent Systems ({AAMAS})},
  pages={977--984},
  year={2006}
}


@article{sato2012agent,
  title={Agent and multi-agent applications to support distributed communities of practice: a short review},
  author={Sato, Gilson Yukio and Azevedo, Hilton Jos{\'e} and Barth{\`e}s, Jean-Paul A},
  journal={Autonomous Agents and Multi-Agent Systems},
  volume={25},
  number={1},
  year={2012},
  publisher={Kluwer Academic Publishers}
}
%  pages={87--129},

@article{pant2002myspiders,
  title={MySpiders: Evolve your own intelligent Web crawlers},
  author={Pant, Gautam and Menczer, Filippo},
  journal={Autonomous agents and multi-agent systems},
  volume={5},
  number={2},
  pages={221--229},
  year={2002},
  publisher={Springer}
}

@inproceedings{chiu2005towards,
 author = {Chiu, Dickson K. W. and Leung, Ho-fung},
 title = {Towards Ubiquitous Tourist Service Coordination and Integration: A Multi-agent and Semantic Web Approach},
 booktitle = {the International Conference on Electronic Commerce (ICEC)},
 year = {2005},
 pages = {574--581}
} 


@inproceedings{de2013push,
  title={Push and rotate: cooperative multi-agent path planning},
  author={de Wilde, Boris and ter Mors, Adriaan W and Witteveen, Cees},
  booktitle={the International Conference on Autonomous Agents and Multiagent Systems ({AAMAS})},
  pages={87--94},
  year={2013}
}


@inproceedings{luna2011push,
  title={Push and swap: Fast cooperative path-finding with completeness guarantees},
  author={Luna, Ryan and Bekris, Kostas E},
  booktitle={{the International Joint Conference on Artificial Intelligence (IJCAI)}},
  pages={294},
  year={2011}
}


@book{genesereth1984cooperation,
  title={Cooperation without communication},
  author={Genesereth, Michael R and Ginsberg, Matthew L and Rosenschein, Jeffrey S},
  year={1984},
  publisher={Heuristic Programming Project, Computer Science Department, Stanford University}
}




@inproceedings{lelis2011predicting,
  title={Predicting solution cost with conditional probabilities},
  author={Lelis, Levi and Stern, Roni and Jabbari Arfaee, Shahab},
  booktitle={the Annual Symposium on Combinatorial Search {(SoCS)}},
  year={2011}
}


@article{chen1992heuristic,
  title={Heuristic sampling: a method for predicting the performance of tree searching programs},
  author={Chen, Pang C},
  journal={{SIAM Journal on Computing}},
  volume={21},
  number={2},
  pages={295--315},
  year={1992},
  publisher={SIAM}
}

@article{knuth1975estimating,
  title={Estimating the efficiency of backtrack programs},
  author={Knuth, Donald E},
  journal={Mathematics of computation},
  volume={29},
  number={129},
  pages={122--136},
  year={1975}
}

@inproceedings{lelis2014estimating,
  title={Estimating Search Tree Size with Duplicate Detection},
  author={Lelis, Levi HS and Stern, Roni and Sturtevant, Nathan R},
  booktitle={the Annual Symposium on Combinatorial Search {(SoCS)}},
  year={2014}
}

@inproceedings{thayer2012we,
  title={Are We There Yet?-Estimating Search Progress.},
  author={Thayer, Jordan Tyler and Stern, Roni and Lelis, Levi HS},
  booktitle={SOCS},
  year={2012}
}


@inproceedings{lelis2012predicting,
  title={Predicting optimal solution cost with bidirectional stratified sampling},
  author={Lelis, Levi and Stern, Roni and Felner, Ariel and Zilles, Sandra and Holte, Robert C},
  booktitle={the International Conference on Automated Planning and Scheduling ({ICAPS})},
  year={2012}
}


@inproceedings{lelis2012fast,
  title={{Fast and Accurate Predictions of IDA*'s Performance}},
  author={Lelis, Levi and Zilles, Sandra and Holte, Robert C},
  booktitle={Conference on Artificial Intelligence ({AAAI})},
  year={2012}
}


@article{korf2001time,
  title={Time complexity of iterative-deepening-A∗},
  author={Korf, Richard E and Reid, Michael and Edelkamp, Stefan},
  journal   = {Artif. Intell.},
  volume={129},
  number={1},
  pages={199--218},
  year={2001},
  publisher={Elsevier}
}

@article{zahavi2010predicting,
  title={{Predicting the performance of IDA* using conditional distributions}},
  author={Zahavi, Uzi and Felner, Ariel and Burch, Neil and Holte, Robert C},
  journal={Journal of Artificial Intelligence Research},
  volume={37},
  number={1},
  pages={41--84},
  year={2010}
}




@inproceedings{barer2014suboptimal-socs,
  title={Suboptimal Variants of the Conflict-Based Search Algorithm for the Multi-Agent Pathfinding Problem},
  author={Barer, Max and Sharon, Guni and Stern, Roni and Felner, Ariel},
  booktitle={{the Annual Symposium on Combinatorial Search (SoCS)}},
  year={2014}
}
@inproceedings{barer2014suboptimal-ecai,
  title={Suboptimal Variants of the Conflict-Based Search Algorithm for the Multi-Agent Pathfinding Problem},
  author={Barer, Max and Sharon, Guni and Stern, Roni and Felner, Ariel},
  booktitle={{the European Conference on Artificial Intelligence (ECAI)}},
  year={2014}
}

@inproceedings{pohl1973avoidance,
  title={The avoidance of (relative) catastrophe, heuristic competence, genuine dynamic weighting and computational issues in heuristic problem solving},
  author={Pohl, Ira},
  booktitle={the International Joint Conference on Artificial intelligence ({IJCAI})},
  pages={12--17},
  year={1973}
}

@inproceedings{thayer2011bounded,
  title={Bounded suboptimal search: A direct approach using inadmissible estimates},
  author={Thayer, Jordan T and Ruml, Wheeler},
  booktitle={{the International Joint Conference on Artificial Intelligence (IJCAI)}},
  pages={674--679},
  year={2011}
}



@article{pearl1982studies,
  title={Studies in semi-admissible heuristics},
  author={Pearl, Judea and Kim, Jin H},
  journal={IEEE Transactions on Pattern Analysis and Machine Intelligence},
  volume={4},
  pages={392--399},
  year={1982},
  publisher={IEEE}
}


@article{dechter1985generalized,
  title={Generalized best-first search strategies and the optimality of {A*}},
  author={Dechter, Rina and Pearl, Judea},
  journal={{Journal of the ACM (JACM)}},
  volume={32},
  number={3},
  pages={505--536},
  year={1985},
  publisher={ACM}
}


@inproceedings{teng1999collaborative,
  title={Collaborative Web crawling: information gathering/processing over Internet},
  author={Teng, Shang-Hua and Lu, Qi and Eichstaedt, Matthias and Ford, Daniel and Lehman, Tobin},
  booktitle={Annual Hawaii International Conference on Systems Sciences},
  pages={12--pp},
  year={1999},
  organization={IEEE}
}

@article{penberthy1992ucpop,
  title={{UCPOP: A Sound, Complete, Partial Order Planner for ADL}},
  author={Penberthy, J Scott and Weld, Daniel S},
  journal={KR},
  volume={92},
  pages={103--114},
  year={1992}
}


@inproceedings{torreno2012approach,
  title={An approach to multi-agent planning with incomplete information.},
  author={Torre{\~n}o, Alejandro and Onaindia, Eva and Sapena, {\'O}scar},
  booktitle={{the European Conference on Artificial Intelligence (ECAI)}},
  pages={762--767},
  year={2012}
}


@inproceedings{kovacs2012multi,
  title={A Multi-Agent Extension of PDDL3.1},
  author={Kovacs, Daniel L},
  booktitle={Workshop on the International Planning Competition (IPC) in the International Conference on Automated Planning and Scheduling (ICAPS)},
  pages={19--27},
  year={2012}
}


@article{mcdermott1998pddl,
  title={PDDL-the planning domain definition language},
  author={McDermott, Drew and Ghallab, Malik and Howe, Adele and Knoblock, Craig and Ram, Ashwin and Veloso, Manuela and Weld, Daniel and Wilkins, David},
  year={1998}
}

@article{fikes1972strips,
  title={{STRIPS: A new approach to the application of theorem proving to problem solving}},
  author={Fikes, Richard E and Nilsson, Nils J},
  journal   = {Artif. Intell.},
  volume={2},
  number={3},
  pages={189--208},
  year={1972},
  publisher={Elsevier}
}

@inproceedings{ferner2013odrm,
  title={ODrM* optimal multirobot path planning in low dimensional search spaces},
  author={Ferner, Cornelia and Wagner, Glenn and Choset, Howie},
  booktitle={IEEE International Conference on Robotics and Automation (ICRA)},
  pages={3854--3859},
  year={2013},
  organization={IEEE}
}


@article{kamar2013modeling,
  author    = {Ece Kamar and
               Ya'akov (Kobi) Gal and
               Barbara J. Grosz},
  title     = {Modeling information exchange opportunities for effective
               human-computer teamwork},
  journal   = {Artif. Intell.},
  volume    = {195},
  year      = {2013},
  pages     = {528--550}
}

@inproceedings{nissim2012multi,
  title={{Multi-agent A* for parallel and distributed systems}},
  author={Nissim, Raz and Brafman, Ronen I},
  booktitle={the International Conference on Autonomous Agents and Multiagent Systems ({AAMAS})},
  pages={1265--1266},
  year={2012}
}

@inproceedings{nissim2010general,
  title={A general, fully distributed multi-agent planning algorithm},
  author={Nissim, Raz and Brafman, Ronen I and Domshlak, Carmel},
  booktitle={the International Conference on Autonomous Agents and Multiagent Systems ({AAMAS})},
  pages={1323--1330},
  year={2010}
}


@inproceedings{spaan2008interaction,
  title={Interaction-driven Markov games for decentralized multiagent planning under uncertainty},
  author={Spaan, Matthijs TJ and Melo, Francisco S},
  booktitle={the International Conference on Autonomous Agents and Multiagent Systems ({AAMAS})},
  pages={525--532},
  year={2008}
}

@inproceedings{coltin2014scheduling,
  title={Scheduling for Transfers in Pickup and Delivery Problems with Very Large Neighborhood Search},
  author={Brian Coltin and Manuela Veloso},
  booktitle={Conference on Artificial Intelligence ({AAAI})},
  year={2014}
}


@inproceedings{hansen2004dynamic,
  title={Dynamic programming for partially observable stochastic games},
  author={Hansen, Eric A and Bernstein, Daniel S and Zilberstein, Shlomo},
  booktitle={Conference on Artificial Intelligence ({AAAI})},
  pages={709--715},
  year={2004}
}


@article{wurman2008coordinating,
  title={Coordinating hundreds of cooperative, autonomous vehicles in warehouses},
  author={Wurman, Peter R and D'Andrea, Raffaello and Mountz, Mick},
  journal={AI Magazine},
  volume={29},
  number={1},
  pages={9},
  year={2008}
}
@article{rich1998collagen,
  title={{COLLAGEN: A collaboration manager for software interface agents}},
  author={Rich, Charles and Sidner, Candace L},
  journal={User Modeling and User-Adapted Interaction},
  volume={8},
  number={3-4},
  pages={315--350},
  year={1998},
  publisher={Springer}
}

@article{lochbaum1998collaborative,
  title={A collaborative planning model of intentional structure},
  author={Lochbaum, Karen E},
  journal={Computational Linguistics},
  volume={24},
  number={4},
  pages={525--572},
  year={1998},
  publisher={MIT Press}
}

@article{chalupsky2002electric,
  title={Electric Elves: Agent technology for supporting human organizations},
  author={Chalupsky, Hans and Gil, Yolanda and Knoblock, Craig A and Lerman, Kristina and Oh, Jean and Pynadath, David V and Russ, Thomas A and Tambe, Milind},
  journal={AI magazine},
  volume={23},
  number={2},
  pages={11},
  year={2002}
}

@article{jain2010software,
  title={Software assistants for randomized patrol planning for the lax airport police and the federal air marshal service},
  author={Jain, Manish and Tsai, Jason and Pita, James and Kiekintveld, Christopher and Rathi, Shyamsunder and Tambe, Milind and Ord{\'o}{\~n}ez, Fernando},
  journal={Interfaces},
  volume={40},
  number={4},
  pages={267--290},
  year={2010}
}


@article{stone2013teaching,
title={Teaching and leading an ad hoc teammate: Collaboration without pre-coordination},
author={Peter Stone and Gal A. Kaminka and Sarit Kraus and Jeffrey R. Rosenschein and Noa Agmon},
  journal   = {Artif. Intell.},
year={2013}
}

@article{bernstein2002complexity,
  title={The complexity of decentralized control of Markov decision processes},
  author={Bernstein, Daniel S and Givan, Robert and Immerman, Neil and Zilberstein, Shlomo},
  journal={Mathematics of operations research},
  volume={27},
  number={4},
  pages={819--840},
  year={2002}
}

@article{tambe1997towards,
  title={Towards Flexible Teamwork},
  author={Tambe, Milind},
  journal={Journal of Artificial Intelligence Research},
  volume={7},
  pages={83--124},
  year={1997}
}

@article{cohen1991teamwork,
  title={Teamwork},
  author={Cohen, Philip R and Levesque, Hector J},
  journal={Nous},
  pages={487--512},
  year={1991},
  publisher={JSTOR}
}

@article{grosz1996collaborative,
  title={Collaborative plans for complex group action},
  author={Grosz, Barbara J and Kraus, Sarit},
  journal   = {Artif. Intell.},
  volume={86},
  number={2},
  pages={269--357},
  year={1996},
  publisher={Elsevier}
}

@article{sharon2012meta,
  title={Meta-Agent Conflict-Based Search For Optimal Multi-Agent Path Finding.},
  author={Sharon, Guni and Stern, Roni and Felner, Ariel and Sturtevant, Nathan R},
  journal={SOCS},
  volume={1},
  pages={39--40},
  year={2012}
}



@inproceedings{sharon2012cbs,
  title={Conflict-Based Search For Optimal Multi-Agent Path Finding},
  author={Sharon, Guni and Stern, Roni and Felner, Ariel and Sturtevant, Nathan R},
    booktitle={Conference on Artificial Intelligence ({AAAI})},
  year={2012}
}

@article{pynadath2002communicative,
  title={The Communicative Multiagent Team Decision Problem: Analyzing Teamwork Theories and Models},
  author={David V. Pynadath and Milind Tambe},
  journal={Journal of Artificial Intelligence Research ({JAIR})},
  volume={16},
  pages={389--423},
  year={2002}
}


@inproceedings{brafman2008one,
  title={From One to Many: Planning for Loosely Coupled Multi-Agent Systems.},
  author={Brafman, Ronen I and Domshlak, Carmel},
  booktitle={the International Conference on Automated Planning and Scheduling ({ICAPS})},
  pages={28--35},
  year={2008}
}

@inproceedings{nair2005networked,
  title={{Networked distributed POMDPs: A synthesis of distributed constraint optimization and POMDPs}},
  author={Nair, Ranjit and Varakantham, Pradeep and Tambe, Milind and Yokoo, Makoto},
    booktitle={Conference on Artificial Intelligence ({AAAI})},
  volume={5},
  pages={133--139},
  year={2005}
}


@inproceedings{becker2004decentralized,
  author    = {Raphen Becker and
               Shlomo Zilberstein and
               Victor R. Lesser},
  title     = {Decentralized Markov Decision Processes with Event-Driven Interactions},
  booktitle={the International Conference on Autonomous Agents and Multiagent Systems ({AAMAS})},
  year      = {2004},
  pages     = {302--309}
}


@inproceedings{becker2003transition,
  title={Transition-independent decentralized Markov decision processes},
  author={Becker, Raphen and Zilberstein, Shlomo and Lesser, Victor and Goldman, Claudia V},
  booktitle={the International Conference on Autonomous Agents and Multiagent Systems ({AAMAS})},
  pages={41--48},
  year={2003},
  organization={ACM}
}


@inproceedings{oliehoek2012influenceBased,
    author = {Frans A. Oliehoek and Stefan J. Witwicki and and Leslie P. Kaelbling},
    title = {Influence-based Abstraction for Multiagent Systems},
  booktitle={Conference on Artificial Intelligence ({AAAI})},
    month = {July},
    year = {2012},
    pages = {1422--1428},
    address = {Toronto, Canada}
}
@inproceedings{witwicki2010influence,
  title={{Influence-Based Policy Abstraction for Weakly-Coupled Dec-POMDPs}},
  author={Witwicki, Stefan J and Durfee, Edmund H},
  booktitle={the International Conference on Automated Planning and Scheduling ({ICAPS})},
  pages={185--192},
  year={2010}
}


@inproceedings{witwicki2011towards,
  title={Towards a unifying characterization for quantifying weak coupling in Dec-POMDPs},
  author={Witwicki, Stefan J and Durfee, Edmund H},
  booktitle={the International Conference on Autonomous Agents and Multiagent Systems ({AAMAS})},
  year={2011}
}
%  pages={29--36},

@article{brafman2013complexity,
  title={On the complexity of planning for agent teams and its implications for single agent planning},
  author={Brafman, Ronen I and Domshlak, Carmel},
  journal   = {Artif. Intell.},
  volume={198},
  pages={52--71},
  year={2013},
  publisher={Elsevier}
}

@inproceedings{silver2005cooperative,
  title={Cooperative Pathfinding.},
  author={Silver, David},
  booktitle={AIIDE},
  pages={117--122},
  year={2005}
}

@inproceedings{standley2010finding,
  title={Finding Optimal Solutions to Cooperative Pathfinding Problems.},
  author={Standley, Trevor Scott},
    booktitle={Conference on Artificial Intelligence ({AAAI})},
	pages={28--29},
  year={2010}
}
@inproceedings{standley2011complete,
  title={Complete Algorithms for Cooperative Pathfinding Problems},
  author={Standley, Trevor Scott and Korf, Richard},
    booktitle={Conference on Artificial Intelligence ({AAAI})},
  year={2011}
}


@inproceedings{cirillo2014integrated,
  title={Integrated Motion Planning and Coordination for Industrial Vehicles},
  author={Cirillo, Marcello and Pecora, Federico and Andreasson, Henrik and Uras, Tansel and Koenig, Sven},
  year={2014},
  booktitle={the International Conference on Automated Planning and Scheduling ({ICAPS})}
}

@incollection{elkawkagy2011hybrid,
  title={Hybrid multi-agent planning},
  author={Elkawkagy, Mohamed and Biundo, Susanne},
  booktitle={Multiagent System Technologies},
  pages={16--28},
  year={2011},
  publisher={Springer}
}


@article{boutilier2001partial,
  title={Partial-order planning with concurrent interacting actions},
  author={Boutilier, Craig and Brafman, Ronen I},
  journal={Journal of Artificial Intelligence Research},
  volume={14},
  number={1},
  pages={105--136},
  year={2001},
  publisher={AI Access Foundation}
}

@article{lingard1998planning,
  title={Planning parallel actions},
  author={Lingard, AR and Richards, EB},
  journal   = {Artif. Intell.},
  volume={99},
  number={2},
  pages={261--324},
  year={1998},
  publisher={Elsevier}
}






@inproceedings{dibangoye2014exploiting,
  title={Exploiting separability in multiagent planning with continuous-state MDPs},
  author={Dibangoye, Jilles S and Amato, Christopher and Buffet, Olivier and Charpillet, Franc{\c{c}}ois},
  booktitle={the International Conference on Autonomous Agents and Multiagent Systems ({AAMAS})},
  pages={1281--1288},
  year={2014},
}


@article{bernstein2009policy,
  title={Policy iteration for decentralized control of Markov decision processes},
  author={Bernstein, Daniel S and Amato, Christopher and Hansen, Eric A and Zilberstein, Shlomo},
  journal={Journal of Artificial Intelligence Research ({JAIR})},
  volume={34},
  number={1},
  pages={89},
  year={2009}
}
@article{amato2010optimizing,
  title={{Optimizing fixed-size stochastic controllers for POMDPs and decentralized POMDPs}},
  author={Amato, Christopher and Bernstein, Daniel S and Zilberstein, Shlomo},
  journal={Autonomous Agents and Multi-Agent Systems ({JAAMAS})},
  volume={21},
  number={3},
  pages={293--320},
  year={2010},
  publisher={Springer Netherlands}
}

@inproceedings{spaan2011scaling,
  title={Scaling up optimal heuristic search in Dec-POMDPs via incremental expansion},
  author={Spaan, Matthijs TJ and Oliehoek, Frans A and Amato, Christopher},
  booktitle={the International Joint Conference on Artificial Intelligence ({IJCAI})},
  pages={2027},
  year={2011}
}

@inproceedings{nair2003taming,
  title={Taming decentralized POMDPs: Towards efficient policy computation for multiagent settings},
  author={Nair, Ranjit and Tambe, Milind and Yokoo, Makoto and Pynadath, David and Marsella, Stacy},
  booktitle={the International Joint Conference on Artificial Intelligence ({IJCAI})},
  pages={705--711},
  year={2003}
}

@article{oliehoek2008optimal,
  title={Optimal and approximate Q-value functions for decentralized POMDPs},
  author={Oliehoek, Frans A and Spaan, Matthijs TJ and Vlassis, Nikos},
  journal={Journal of Artificial Intelligence Research ({JAIR})},
  volume={32},
  number={1},
  pages={289--353},
  year={2008},
  publisher={AI Access Foundation}
}



@article{kaelbling1998planning,
  title={Planning and acting in partially observable stochastic domains},
  author={Kaelbling, Leslie Pack and Littman, Michael L and Cassandra, Anthony R},
  journal   = {Artif. Intell.},
  volume={101},
  number={1},
  pages={99--134},
  year={1998},
  publisher={Elsevier}
}

@inproceedings{vstolba2014relaxation,
  title={Relaxation Heuristics for Multiagent Planning},
  author={{\v{S}}tolba, Michal and Komenda, Anton{\'\i}n},
  booktitle={the International Conference on Automated Planning and Scheduling ({ICAPS})},
  year={2014}
}



@article{korf2002disjoint,
  title={Disjoint pattern database heuristics},
  author={Korf, Richard E and Felner, Ariel},
  journal   = {Artif. Intell.},
  volume={134},
  number={1},
  pages={9--22},
  year={2002},
  publisher={Elsevier}
}

@article{felner2004additive,
  title={Additive pattern database heuristics},
  author={Felner, Ariel and Korf, Richard E and Hanan, Sarit},
  journal={Journal of Artificial Intelligence Research ({JAIR})},
  volume={22},
  pages={279--318},
  year={2004}
}

@article{edelkamp2001planning,
  title={Planning with pattern databases},
  author={Edelkamp, Stefan},
  journal={the European Conference on Planning ({ECP})},
  pages={13--34},
  year={2001}
}



@misc{Horling-182,
  author    = "Bryan Horling and Victor Lesser and Regis Vincent
               and Tom Wagner and Anita Raja and Shelley Zhang
               and Keith Decker and Alan Garvey",
  title     = "{The TAEMS White Paper}",
  year      = "1999",
  url       = "http://mas.cs.umass.edu/paper/182",
}


@article{lesser2004evolution,
  title={Evolution of the {GPGP/TAEMS} domain-independent coordination framework},
  author = {Lesser, V. and Decker, K. and Wagner, T. and Carver, N. and Garvey, A. and Horling, B. and Neiman, D. and Podorozhny, R. and Prasad, M. Nagendra and Raja, A. and Vincent, R. and Xuan, P. and Zhang, X. Q.},
    journal={Autonomous agents and multi-agent systems},
  volume={9},
  number={1-2},
  pages={87--143},
  year={2004},
  publisher={Kluwer Academic Publishers}
}



@article{vstolba2015competition,
  title={Competition of Distributed and Multiagent Planners (CoDMAP)},
  author={{\v{S}}tolba, Michal and Komenda, Anton{\i}n and Kovacs, Daniel L},
  journal={The International Planning Competition (WIPC-15)},
  pages={24},
  year={2015}
}


@misc{spann2015decPomdp,
  author    = "Matthijs Spaan",
  title     = "{Dec-POMDP problem domains}",
  year      = "2015",
  url       = "http://masplan.org/problem_domains",
}

@misc{likhachev2010sbpl,
  author    = "Maxim Likhachev",
  title     = "{Search-Based Planning Library ({SBPL})}",
  year      = "2010",
  url       = "http://www.sbpl.net/Software",
}



@inproceedings{tovzivcka2014generating,
  title={Generating Multi-Agent Plans by Distributed Intersection of Finite State Machines},
  author={Tozicka, Jan and Jakubuv, Jan and Komenda, Anton{\'\i}n},
  booktitle={ECAI},
  year={2014}
}

@article{jakubuv2015multiagent,
  title={Multiagent Planning by Plan Set Intersection and Plan Verification},
  author={Jakubuv, Jan and Tozicka, Jan and Komenda, Anton{\i}n},
  journal={ICAART},
  volume={15},
  year={2015}
}



@manual{MADPToolbox-0.3.1,
    title =     {The MADP Toolbox 0.3.1},
    author =    {Frans A. Oliehoek and Matthijs T. J. Spaan and 
                 Philipp Robbel and Jo\~ao V. Messias},
    month =     apr,
    year =      2015,
}